<record><leader>00000cas a22000007a 4500</leader><controlfield tag="001">26970592</controlfield><controlfield tag="008">921113d19541956nmuwr ne      0    0eng d</controlfield><datafield ind1=" " ind2=" " tag="010"><subfield code="a">sn 92072350 </subfield></datafield><datafield ind1=" " ind2=" " tag="040"><subfield code="a">NVM</subfield><subfield code="b">eng</subfield><subfield code="c">NVM</subfield><subfield code="d">OCLCQ</subfield><subfield code="d">OCLCF</subfield><subfield code="d">OCLCO</subfield></datafield><datafield ind1=" " ind2=" " tag="042"><subfield code="a">msc</subfield></datafield><datafield ind1=" " ind2=" " tag="043"><subfield code="a">n-us-nm</subfield></datafield><datafield ind1="0" ind2="0" tag="245"><subfield code="a">Gallup times.</subfield></datafield><datafield ind1="1" ind2="3" tag="246"><subfield code="a">Gallup times and the McKinley County warrior</subfield><subfield code="f">July 1-15, 1954</subfield></datafield><datafield ind1=" " ind2=" " tag="260"><subfield code="a">Gallup, N.M. :</subfield><subfield code="b">J.M. Richards</subfield></datafield><datafield ind1=" " ind2=" " tag="300"><subfield code="a">v.</subfield></datafield><datafield ind1=" " ind2=" " tag="310"><subfield code="a">Weekly</subfield></datafield><datafield ind1="0" ind2=" " tag="362"><subfield code="a">Vol. 1, no. 1 (July 1, 1954)-v. 2, no. 38 (Mar. 29, 1956).</subfield></datafield><datafield ind1=" " ind2="0" tag="651"><subfield code="a">Gallup (N.M.)</subfield><subfield code="v">Newspapers.</subfield></datafield><datafield ind1=" " ind2="0" tag="651"><subfield code="a">McKinley County (N.M.)</subfield><subfield code="v">Newspapers.</subfield></datafield><datafield ind1=" " ind2="7" tag="655"><subfield code="a">Newspapers.</subfield><subfield code="2">fast</subfield><subfield code="0">(OCoLC)fst01423814</subfield></datafield><datafield ind1=" " ind2="7" tag="651"><subfield code="a">New Mexico</subfield><subfield code="z">Gallup.</subfield><subfield code="2">fast</subfield><subfield code="0">(OCoLC)fst01214321</subfield></datafield><datafield ind1=" " ind2="7" tag="651"><subfield code="a">New Mexico</subfield><subfield code="z">McKinley County.</subfield><subfield code="2">fast</subfield><subfield code="0">(OCoLC)fst01207916</subfield></datafield><datafield ind1=" " ind2=" " tag="752"><subfield code="a">United States</subfield><subfield code="b">New Mexico</subfield><subfield code="c">McKinley</subfield><subfield code="d">Gallup.</subfield></datafield><datafield ind1="0" ind2="0" tag="780"><subfield code="t">McKinley County warrior</subfield><subfield code="w">(DLC)sn 92072355</subfield></datafield><datafield ind1="0" ind2="7" tag="785"><subfield code="t">Gallup independent (Gallup, N.M. : 1936)</subfield><subfield code="w">(DLC)sn 90051940</subfield></datafield><datafield ind1="0" ind2="7" tag="785"><subfield code="t">Gallup independent and Gallup times</subfield><subfield code="w">(DLC)sn 93061586</subfield></datafield></record>